@misc{GD+cycles+screenshot, 
title={Geometry Dash - Cycles All Coins}, 
url={https://www.youtube.com/watch?v=WRd4-TWnEtk}, 
journal={YouTube}, 
author={razing717}, 
year={2015}, 
month={Jan}
}

@MISC{GD+edge_of_destiny,
author = {"Fandom"},
title= {"Edge of Destiny"},
url = {https://geometry-dash-fan.fandom.com/wiki/Edge_of_Destiny},
journal = {Fandom},
year={2024}
}

@misc{AI+Learns+to+Play+GD, 
title={AI Learns to play Geometry Dash || FINAL}, 
url={https://www.youtube.com/watch?v=A3JJsjZLRSok}, 
journal={YouTube}, 
author={CodeNoodles}, 
year={2022}, 
month={Oct}
}

@misc{Trackmania+AI, 
title={Training an unbeatable AI in Trackmania}, 
url={https://www.youtube.com/watch?v=Dw3BZ6O_8LY}, 
journal={YouTube}, 
author={Yosh}, 
year={2023}, 
month={Sept}
}

@INPROCEEDINGS{Robot+Object+Avoidance+Method,
  author={Chang, Nai-Hsiang and Chien, Yi-Hsing and Chiang, Hsin-Han and Wang, Wei-Yen and Hsu, Chen-Chien},
  booktitle={2019 International Conference on Machine Learning and Cybernetics (ICMLC)}, 
  title={A Robot Obstacle Avoidance Method Using Merged CNN Framework}, 
  year={2019},
  volume={},
  number={},
  pages={1-5},
  keywords={Obstacle avoidance method;Merged CNN framework;ROS architecture},
  doi={10.1109/ICMLC48188.2019.8949168}}


@incollection{Bengio+chapter2007,
author = {Bengio, Yoshua and LeCun, Yann},
booktitle = {Large Scale Kernel Machines},
publisher = {MIT Press},
title = {Scaling Learning Algorithms Towards {AI}},
year = {2007}
}

@article{Hinton06,
author = {Hinton, Geoffrey E. and Osindero, Simon and Teh, Yee Whye},
journal = {Neural Computation},
pages = {1527--1554},
title = {A Fast Learning Algorithm for Deep Belief Nets},
volume = {18},
year = {2006}
}

@book{goodfellow2016deep,
title={Deep learning},
author={Goodfellow, Ian and Bengio, Yoshua and Courville, Aaron and Bengio, Yoshua},
volume={1},
year={2016},
publisher={MIT Press}
}